<record xmlns:xsi="http://www.w3.org/2001/XMLSchema-instance" xmlns="http://www.loc.gov/MARC21/slim" xsi:schemaLocation="http://www.loc.gov/MARC21/slim http://www.loc.gov/standards/marcxml/schema/MARC21slim.xsd">

  <leader>00617nam a2200193   4500</leader>
  <datafield tag="999" ind1=" " ind2=" ">
    <subfield code="c">3368</subfield>
    <subfield code="d">3368</subfield>
  </datafield>
  <controlfield tag="005">20170127141010.0</controlfield>
  <controlfield tag="008">170127b2006    MX ||||| |||| 00| | spa d</controlfield>
  <datafield tag="020" ind1=" " ind2=" ">
    <subfield code="a">9688607142</subfield>
  </datafield>
  <datafield tag="090" ind1=" " ind2=" ">
    <subfield code="a">06.06.02 </subfield>
    <subfield code="b">2249 </subfield>
  </datafield>
  <datafield tag="100" ind1="1" ind2=" ">
    <subfield code="9">2334</subfield>
    <subfield code="a">Gómez Sollano, Marcela </subfield>
  </datafield>
  <datafield tag="245" ind1="1" ind2="0">
    <subfield code="a">La labor del maestro: formar y formarse /</subfield>
    <subfield code="c"> Marcela Gómez Sollano, Hugo Zemelman</subfield>
  </datafield>
  <datafield ind2=" " ind1=" " tag="260">
    <subfield code="a">México : </subfield>
    <subfield code="b">Editorial Pax, </subfield>
    <subfield code="c">2006</subfield>
  </datafield>
  <datafield ind1=" " tag="300" ind2=" ">
    <subfield code="a">116 páginas</subfield>
  </datafield>
  <datafield ind2="4" ind1="1" tag="650">
    <subfield code="9">9</subfield>
    <subfield code="a">FORMACIÓN DE DOCENTES</subfield>
  </datafield>
  <datafield ind2="4" tag="650" ind1="1">
    <subfield code="9">419</subfield>
    <subfield code="a">CONSTRUCTIVISMO (EDUCACIÓN)</subfield>
  </datafield>
  <datafield ind2="4" tag="650" ind1="1">
    <subfield code="9">661</subfield>
    <subfield code="a">TEORÍA DE LA EDUCACIÓN</subfield>
  </datafield>
  <datafield tag="700" ind1="1" ind2=" ">
    <subfield code="9">2335</subfield>
    <subfield code="a">Zemelman, Hugo </subfield>
  </datafield>
  <datafield tag="942" ind1=" " ind2=" ">
    <subfield code="2">z</subfield>
    <subfield code="c">01</subfield>
  </datafield>
</record>